
@article{thurstone1919,
  title={The learning curve equation},
  author={Thurstone, Louis Leon},
  journal={Psychological Monographs: General and Applied},
  volume={26},
  number={3},
  pages={i--51},
  year={1919},
  publisher={Hogrefe \& Huber}
}

@article{katz2007,
  title={Issues in the comparative cognition of abstract-concept learning},
  author={Katz, Jeffrey S and Wright, Anthony A and Bodily, Kent D},
  journal={Comparative cognition \& behavior reviews},
  volume={2},
  pages={79},
  year={2007},
  publisher={NIH Public Access}
}

@article{herrnstein1990,
  title={Levels of stimulus control: A functional approach},
  author={Herrnstein, Richard J},
  journal={Cognition},
  volume={37},
  number={1},
  pages={133--166},
  year={1990},
  publisher={Elsevier}
}

@article{vonk2002natural,
  title={Natural concepts in a juvenile gorilla (\emph{Gorilla gorilla gorilla}) at three levels of abstraction},
  author={Vonk, Jennifer and MacDonald, Suzanne E},
  journal={Journal of the experimental analysis of behavior},
  volume={78},
  number={3},
  pages={315--332},
  year={2002},
  publisher={Wiley Online Library}
}
