@article{shively2002depression,
  title={Depression and coronary artery atherosclerosis and reactivity in female cynomolgus monkeys},
  author={Shively, Carol A and Williams, J Koudy and Laber-Laird, Kathy and Anton, Raymond F},
  journal={Psychosomatic medicine},
  volume={64},
  number={5},
  pages={699--706},
  year={2002},
  publisher={Am Psychosomatic Soc}
}

@article{sutin2010cholesterol,
  title={Cholesterol, triglycerides, and the five-factor model of personality},
  author={Sutin, Angelina R and Terracciano, Antonio and Deiana, Barbara and Uda, Manuela and Schlessinger, David and Lakatta, Edward G and Costa Jr, Paul T},
  journal={Biological psychology},
  volume={84},
  number={2},
  pages={186--191},
  year={2010},
  publisher={Elsevier}
}

@article{latzman2014personality,
  title={Personality in Chimpanzees (Pan troglodytes): Exploring the Hierarchical Structure and Associations with the Vasopressin V1A Receptor Gene},
  author={Latzman, Robert D and Hopkins, William D and Keebaugh, Alaine C and Young, Larry J},
  journal={PloS one},
  volume={9},
  number={4},
  pages={e95741},
  year={2014},
  publisher={Public Library of Science}
}

@article{weiss2002subjective,
  title={Subjective well-being is heritable and genetically correlated with dominance in chimpanzees (< em> Pan troglodytes</em>).},
  author={Weiss, Alexander and King, James E and Enns, R Mark},
  journal={Journal of Personality and Social Psychology},
  volume={83},
  number={5},
  pages={1141},
  year={2002},
  publisher={American Psychological Association}
}

@article{wilson2014personality,
  title={Personality and facial morphology: Links to assertiveness and neuroticism in capuchins ( Sapajus [Cebus] apella)},
  author={Wilson, Vanessa and Lefevre, Carmen and Morton, F. Blake and Brosnan, Sarah and Paukner, Annika and Bates, Timothy},
  journal={Personality and individual differences},
  volume={58},
  pages={89--94},
  year={2014},
  publisher={Elsevier}
}






